transaction_id,customer_id,transaction_date,amount,transaction_type,merchant_name,category,balance_after
TXN00001,CUST001,2024-01-22T14:03:34Z,-43.61,Debit Card,Netflix,Entertainment,956.39
TXN00002,CUST001,2024-01-06T02:47:10Z,-43.11,Debit Card,EE Mobile,Telecommunication,913.28
TXN00003,CUST001,2024-01-29T03:33:35Z,-88.07,Debit Card,Yorkshire Water,Utilities,825.21
TXN00004,CUST001,2024-01-16T19:57:31Z,-60.55,Debit Card,Yorkshire Water,Utilities,764.66
TXN00005,CUST001,2024-01-30T18:27:55Z,-62.4,Direct Debit,EDF Energy,Utilities,702.26
TXN00006,CUST001,2024-01-16T09:32:40Z,-121.49,Direct Debit,Scottish Power,Utilities,580.77
TXN00007,CUST001,2024-01-11T20:16:24Z,3026.48,Deposit,Lloyds Bank,Deposit,3607.25
TXN00008,CUST001,2024-01-29T22:17:15Z,-1258.84,Standing Order,Lloyds Bank,Mortgage,2348.41
TXN00009,CUST001,2024-01-26T18:17:38Z,2897.86,Deposit,Lloyds Bank,Deposit,5246.27
TXN00010,CUST001,2024-01-19T21:06:09Z,-10.8,Standing Order,Payee Ltd,Miscellaneous,5235.47
TXN00011,CUST001,2024-01-14T11:57:11Z,-24.04,Debit Card,Tesco,Groceries,5211.43
TXN00012,CUST001,2024-01-31T13:42:24Z,-56.72,Debit Card,Lidl,Groceries,5154.71
TXN00013,CUST001,2024-01-22T04:20:45Z,-63.28,Direct Debit,Boots Pharmacy,Healthcare,5091.43
TXN00014,CUST001,2024-01-06T00:08:13Z,-59.55,Direct Debit,Payee Ltd,Miscellaneous,5031.88
TXN00015,CUST001,2024-01-13T04:05:11Z,-128.23,Standing Order,EDF Energy,Utilities,4903.65
TXN00016,CUST001,2024-02-03T06:30:06Z,1933.02,Deposit,Lloyds Bank,Deposit,6836.67
TXN00017,CUST001,2024-02-09T21:35:31Z,-33.35,Debit Card,Vodafone,Telecommunication,6803.32
TXN00018,CUST001,2024-02-14T04:19:02Z,-112.93,Debit Card,Northumbria Water,Utilities,6690.39
TXN00019,CUST001,2024-02-06T12:04:36Z,-34.85,Debit Card,Sky TV,Entertainment,6655.54
TXN00020,CUST001,2024-02-17T13:42:38Z,-61.56,Standing Order,Boots Pharmacy,Healthcare,6593.98
TXN00021,CUST001,2024-02-04T05:01:58Z,-20.11,Debit Card,Spotify,Entertainment,6573.87
TXN00022,CUST001,2024-02-09T11:17:08Z,-51.43,Debit Card,British Gas,Utilities,6522.44
TXN00023,CUST001,2024-02-05T08:13:51Z,-73.54,Standing Order,Boots Pharmacy,Healthcare,6448.9
TXN00024,CUST001,2024-02-08T03:07:22Z,-113.33,Debit Card,Tesco,Groceries,6335.57
TXN00025,CUST001,2024-02-17T20:47:25Z,-101.54,Standing Order,Aldi,Groceries,6234.03
TXN00026,CUST001,2024-02-23T15:15:30Z,-147.73,Debit Card,British Gas,Utilities,6086.3
TXN00027,CUST001,2024-02-15T21:21:26Z,-20.73,Direct Debit,Lidl,Groceries,6065.57
TXN00028,CUST001,2024-02-27T15:39:08Z,-861.46,Debit Card,Lloyds Bank,Mortgage,5204.11
TXN00029,CUST001,2024-03-30T14:15:30Z,-64.77,Debit Card,British Gas,Utilities,5139.34
TXN00030,CUST001,2024-03-27T06:40:36Z,-43.5,Standing Order,BT Broadband,Telecommunication,5095.84
TXN00031,CUST001,2024-03-03T05:29:23Z,-138.86,Direct Debit,Scottish Power,Utilities,4956.98
TXN00032,CUST001,2024-03-25T16:35:00Z,-45.96,Standing Order,Netflix,Entertainment,4911.02
TXN00033,CUST001,2024-03-03T06:43:10Z,1461.52,Deposit,Lloyds Bank,Deposit,6372.54
TXN00034,CUST001,2024-03-22T20:08:21Z,-90.93,Direct Debit,Northumbria Water,Utilities,6281.61
TXN00035,CUST001,2024-03-27T09:11:34Z,-31.19,Direct Debit,Asda,Groceries,6250.42
TXN00036,CUST001,2024-03-10T07:58:20Z,2008.18,Deposit,Lloyds Bank,Deposit,8258.6
TXN00037,CUST001,2024-03-31T21:05:47Z,-22.38,Direct Debit,Aldi,Groceries,8236.22
TXN00038,CUST001,2024-03-02T18:52:00Z,-22.4,Debit Card,Netflix,Entertainment,8213.82
TXN00039,CUST001,2024-03-20T00:08:06Z,-111.22,Direct Debit,Sainsbury's,Groceries,8102.6
TXN00040,CUST001,2024-03-13T19:26:51Z,-23.63,Standing Order,O2,Telecommunication,8078.97
TXN00041,CUST001,2024-03-15T09:19:42Z,-14.92,Debit Card,Payee Ltd,Miscellaneous,8064.05
TXN00042,CUST001,2024-03-03T15:36:20Z,-1349.7,Debit Card,Lloyds Bank,Mortgage,6714.35
TXN00043,CUST001,2024-04-17T00:57:07Z,2756.21,Deposit,Lloyds Bank,Deposit,9470.56
TXN00044,CUST001,2024-04-02T10:20:53Z,-53.12,Debit Card,BT Broadband,Telecommunication,9417.44
TXN00045,CUST001,2024-04-24T21:30:34Z,-38.32,Direct Debit,O2,Telecommunication,9379.12
TXN00046,CUST001,2024-04-19T01:10:52Z,-118.85,Debit Card,British Gas,Utilities,9260.27
TXN00047,CUST001,2024-04-13T02:05:25Z,-118.07,Debit Card,Scottish Power,Utilities,9142.2
TXN00048,CUST001,2024-04-17T12:26:50Z,-134.4,Standing Order,EDF Energy,Utilities,9007.8
TXN00049,CUST001,2024-04-19T09:17:01Z,-1144.09,Debit Card,Lloyds Bank,Mortgage,7863.71
TXN00050,CUST001,2024-04-24T18:05:11Z,-71.75,Debit Card,Boots Pharmacy,Healthcare,7791.96
TXN00051,CUST001,2024-04-14T01:10:54Z,-129.17,Direct Debit,Yorkshire Water,Utilities,7662.79
TXN00052,CUST001,2024-04-09T21:38:59Z,1677.98,Deposit,Lloyds Bank,Deposit,9340.77
TXN00053,CUST001,2024-04-12T07:00:29Z,-22.16,Standing Order,Aldi,Groceries,9318.61
TXN00054,CUST001,2024-04-11T05:23:19Z,2890.73,Deposit,Lloyds Bank,Deposit,12209.34
TXN00055,CUST001,2024-04-24T14:43:56Z,-84.97,Standing Order,Payee Ltd,Miscellaneous,12124.37
TXN00056,CUST001,2024-05-28T04:35:51Z,-72.12,Debit Card,Rowlands,Healthcare,12052.25
TXN00057,CUST001,2024-05-05T15:49:39Z,-54.81,Standing Order,British Gas,Utilities,11997.44
TXN00058,CUST001,2024-05-07T01:37:52Z,-68.19,Direct Debit,Asda,Groceries,11929.25
TXN00059,CUST001,2024-05-26T04:57:04Z,2998.12,Deposit,Lloyds Bank,Deposit,14927.37
TXN00060,CUST001,2024-05-21T14:13:21Z,-58.44,Debit Card,EDF Energy,Utilities,14868.93
TXN00061,CUST001,2024-05-16T17:30:34Z,-143.76,Debit Card,Lidl,Groceries,14725.17
TXN00062,CUST001,2024-05-14T15:35:28Z,-119.46,Standing Order,Yorkshire Water,Utilities,14605.71
TXN00063,CUST001,2024-05-22T18:23:27Z,-143.29,Debit Card,Scottish Power,Utilities,14462.42
TXN00064,CUST001,2024-05-20T13:12:01Z,-19.17,Debit Card,Sky TV,Entertainment,14443.25
TXN00065,CUST001,2024-05-06T11:27:58Z,2876.44,Deposit,Lloyds Bank,Deposit,17319.69
TXN00066,CUST001,2024-05-29T00:28:01Z,-30.42,Direct Debit,Vodafone,Telecommunication,17289.27
TXN00067,CUST001,2024-05-12T09:51:41Z,1810.42,Deposit,Lloyds Bank,Deposit,19099.69
TXN00068,CUST001,2024-05-28T08:07:48Z,1267.94,Deposit,Lloyds Bank,Deposit,20367.63
TXN00069,CUST001,2024-05-27T11:24:51Z,-37.13,Debit Card,Sainsbury's,Groceries,20330.5
TXN00070,CUST001,2024-05-14T14:28:27Z,-137,Debit Card,Tesco,Groceries,20193.5
TXN00071,CUST001,2024-06-25T15:20:53Z,-108.08,Debit Card,Tesco,Groceries,20085.42
TXN00072,CUST001,2024-06-30T20:54:34Z,-38.94,Debit Card,Vodafone,Telecommunication,20046.48
TXN00073,CUST001,2024-06-13T20:17:06Z,-61.58,Standing Order,Payee Ltd,Miscellaneous,19984.9
TXN00074,CUST001,2024-06-07T11:19:33Z,-122.16,Direct Debit,British Gas,Utilities,19862.74
TXN00075,CUST001,2024-06-25T14:54:02Z,-45.2,Debit Card,O2,Telecommunication,19817.54
TXN00076,CUST001,2024-06-03T17:09:49Z,1228.17,Deposit,Lloyds Bank,Deposit,21045.71
TXN00077,CUST001,2024-06-14T05:31:34Z,-80.7,Debit Card,Yorkshire Water,Utilities,20965.01
TXN00078,CUST001,2024-06-14T06:55:56Z,-22.98,Direct Debit,Boots Pharmacy,Healthcare,20942.03
TXN00079,CUST001,2024-06-18T22:45:57Z,-136.81,Debit Card,British Gas,Utilities,20805.22
TXN00080,CUST001,2024-06-12T14:19:28Z,-7.18,Standing Order,Spotify,Entertainment,20798.04
TXN00081,CUST001,2024-06-01T12:43:56Z,-22.63,Standing Order,Amazon,Shopping,20775.41
TXN00082,CUST001,2024-07-10T09:22:22Z,-65.14,Direct Debit,Tesco,Groceries,20710.27
TXN00083,CUST001,2024-07-10T01:46:31Z,3241.72,Deposit,Lloyds Bank,Deposit,23951.99
TXN00084,CUST001,2024-07-03T08:35:26Z,-57.27,Direct Debit,Scottish Power,Utilities,23894.72
TXN00085,CUST001,2024-07-15T23:37:46Z,2153.17,Deposit,Lloyds Bank,Deposit,26047.89
TXN00086,CUST001,2024-07-09T02:57:31Z,-1315.32,Debit Card,Lloyds Bank,Mortgage,24732.57
TXN00087,CUST001,2024-07-25T20:59:51Z,-66.23,Direct Debit,Aldi,Groceries,24666.34
TXN00088,CUST001,2024-07-18T10:31:46Z,-118.62,Debit Card,Asda,Groceries,24547.72
TXN00089,CUST001,2024-07-14T15:02:17Z,-47.88,Direct Debit,Lidl,Groceries,24499.84
TXN00090,CUST001,2024-07-30T22:00:36Z,-136.88,Debit Card,Aldi,Groceries,24362.96
TXN00091,CUST001,2024-07-22T20:28:35Z,2133.8,Deposit,Lloyds Bank,Deposit,26496.76
TXN00092,CUST001,2024-07-03T04:35:36Z,-1256.17,Direct Debit,Lloyds Bank,Mortgage,25240.59
TXN00093,CUST001,2024-07-18T13:19:53Z,-53.39,Debit Card,Boots Pharmacy,Healthcare,25187.2
TXN00094,CUST001,2024-07-29T15:40:19Z,-88.46,Debit Card,Northumbria Water,Utilities,25098.74
TXN00095,CUST001,2024-08-11T08:35:22Z,-79.57,Direct Debit,Aldi,Groceries,25019.17
TXN00096,CUST001,2024-08-10T19:25:01Z,2621.33,Deposit,Lloyds Bank,Deposit,27640.5
TXN00097,CUST001,2024-08-12T18:28:23Z,-118.44,Standing Order,Northumbria Water,Utilities,27522.06
TXN00098,CUST001,2024-08-10T14:44:57Z,-26.53,Direct Debit,Rowlands,Healthcare,27495.53
TXN00099,CUST001,2024-08-19T20:06:53Z,-48.49,Standing Order,BT Broadband,Telecommunication,27447.04
TXN00100,CUST001,2024-08-12T23:49:23Z,-71.22,Debit Card,Northumbria Water,Utilities,27375.82
TXN00101,CUST001,2024-08-28T08:43:30Z,2955.62,Deposit,Lloyds Bank,Deposit,30331.44
TXN00102,CUST001,2024-08-23T00:01:16Z,-37.76,Direct Debit,Payee Ltd,Miscellaneous,30293.68
TXN00103,CUST001,2024-08-13T13:58:41Z,921.84,Deposit,Lloyds Bank,Deposit,31215.52
TXN00104,CUST001,2024-08-23T10:23:33Z,-24.22,Debit Card,Payee Ltd,Miscellaneous,31191.3
TXN00105,CUST001,2024-08-22T13:22:47Z,-134.45,Debit Card,British Gas,Utilities,31056.85
TXN00106,CUST001,2024-08-15T21:04:10Z,-146.16,Debit Card,Tesco,Groceries,30910.69
TXN00107,CUST001,2024-08-22T21:24:52Z,-142.62,Debit Card,Northumbria Water,Utilities,30768.07
TXN00108,CUST001,2024-08-09T00:15:04Z,2339.73,Deposit,Lloyds Bank,Deposit,33107.8
TXN00109,CUST001,2024-08-08T11:09:07Z,-64.04,Direct Debit,Boots Pharmacy,Healthcare,33043.76
TXN00110,CUST001,2024-09-02T07:36:01Z,-45.61,Debit Card,Sky TV,Entertainment,32998.15
TXN00111,CUST001,2024-09-21T16:18:19Z,1525.01,Deposit,Lloyds Bank,Deposit,34523.16
TXN00112,CUST001,2024-09-18T16:10:32Z,-49.17,Direct Debit,Vodafone,Telecommunication,34473.99
TXN00113,CUST001,2024-09-09T22:26:02Z,-103.95,Debit Card,EDF Energy,Utilities,34370.04
TXN00114,CUST001,2024-09-20T02:19:54Z,-131.38,Debit Card,Scottish Power,Utilities,34238.66
TXN00115,CUST001,2024-09-07T19:57:56Z,-137.92,Direct Debit,British Gas,Utilities,34100.74
TXN00116,CUST001,2024-09-04T07:26:17Z,-89,Standing Order,Boots Pharmacy,Healthcare,34011.74
TXN00117,CUST001,2024-09-12T11:12:12Z,2006.65,Deposit,Lloyds Bank,Deposit,36018.39
TXN00118,CUST001,2024-09-21T02:38:27Z,-17.77,Standing Order,Sky TV,Entertainment,36000.62
TXN00119,CUST001,2024-09-14T07:41:54Z,-88.17,Standing Order,Boots Pharmacy,Healthcare,35912.45
TXN00120,CUST001,2024-10-25T13:58:59Z,-115.83,Direct Debit,Amazon,Shopping,35796.62
TXN00121,CUST001,2024-10-10T23:42:06Z,-47.85,Direct Debit,EE Mobile,Telecommunication,35748.77
TXN00122,CUST001,2024-10-19T10:46:40Z,-48,Debit Card,Asda,Groceries,35700.77
TXN00123,CUST001,2024-10-05T06:03:00Z,-23.28,Direct Debit,Sainsbury's,Groceries,35677.49
TXN00124,CUST001,2024-10-16T04:12:08Z,-79.26,Debit Card,Lidl,Groceries,35598.23
TXN00125,CUST001,2024-10-07T14:33:32Z,-937.2,Debit Card,Lloyds Bank,Mortgage,34661.03
TXN00126,CUST001,2024-10-05T15:51:43Z,562.48,Deposit,Lloyds Bank,Deposit,35223.51
TXN00127,CUST001,2024-10-03T04:25:47Z,-46.85,Debit Card,Sky TV,Entertainment,35176.66
TXN00128,CUST001,2024-10-27T14:36:27Z,618.09,Deposit,Lloyds Bank,Deposit,35794.75
TXN00129,CUST001,2024-10-03T11:22:19Z,-125.09,Debit Card,Lidl,Groceries,35669.66
TXN00130,CUST001,2024-10-15T05:12:10Z,-87.74,Debit Card,Amazon,Shopping,35581.92
TXN00131,CUST001,2024-10-08T04:30:21Z,-41.89,Debit Card,Rowlands,Healthcare,35540.03
TXN00132,CUST001,2024-11-28T06:18:01Z,-23.27,Debit Card,Netflix,Entertainment,35516.76
TXN00133,CUST001,2024-11-02T17:54:42Z,-1009.12,Standing Order,Lloyds Bank,Mortgage,34507.64
TXN00134,CUST001,2024-11-14T15:05:21Z,-138.17,Direct Debit,British Gas,Utilities,34369.47
TXN00135,CUST001,2024-11-09T09:22:40Z,-57.82,Debit Card,Payee Ltd,Miscellaneous,34311.65
TXN00136,CUST001,2024-11-14T00:38:05Z,-22.82,Standing Order,Sky TV,Entertainment,34288.83
TXN00137,CUST001,2024-11-16T04:31:17Z,-55.21,Standing Order,O2,Telecommunication,34233.62
TXN00138,CUST001,2024-11-29T04:41:30Z,-57.7,Debit Card,Northumbria Water,Utilities,34175.92
TXN00139,CUST001,2024-11-20T13:01:40Z,-9.42,Debit Card,Spotify,Entertainment,34166.5
TXN00140,CUST001,2024-11-05T23:13:22Z,-52.36,Debit Card,Vodafone,Telecommunication,34114.14
TXN00141,CUST001,2024-11-22T22:37:51Z,-94.4,Standing Order,Yorkshire Water,Utilities,34019.74
TXN00142,CUST001,2024-11-07T12:57:05Z,-21.71,Direct Debit,Sky TV,Entertainment,33998.03
TXN00143,CUST001,2024-11-03T10:59:38Z,-78.91,Debit Card,Asda,Groceries,33919.12
TXN00144,CUST001,2024-11-14T10:19:00Z,-24.58,Direct Debit,Rowlands,Healthcare,33894.54
TXN00145,CUST001,2024-12-30T07:32:38Z,-42.29,Debit Card,Sky TV,Entertainment,33852.25
TXN00146,CUST001,2024-12-19T23:35:51Z,-47.78,Standing Order,Lidl,Groceries,33804.47
TXN00147,CUST001,2024-12-19T03:05:15Z,-174.1,Debit Card,Amazon,Shopping,33630.37
TXN00148,CUST001,2024-12-03T07:35:21Z,-143.98,Debit Card,EDF Energy,Utilities,33486.39
TXN00149,CUST001,2024-12-12T07:20:45Z,2317.54,Deposit,Lloyds Bank,Deposit,35803.93
TXN00150,CUST001,2024-12-17T14:32:54Z,-1059.46,Debit Card,Lloyds Bank,Mortgage,34744.47
TXN00151,CUST001,2024-12-07T23:14:04Z,-115.17,Standing Order,Lidl,Groceries,34629.3
TXN00152,CUST001,2024-12-14T01:02:53Z,1851.22,Deposit,Lloyds Bank,Deposit,36480.52
TXN00153,CUST001,2024-12-15T09:30:19Z,-73.09,Debit Card,Payee Ltd,Miscellaneous,36407.43
TXN00154,CUST001,2024-12-11T00:39:54Z,1320.58,Deposit,Lloyds Bank,Deposit,37728.01
TXN00155,CUST001,2024-12-20T18:49:20Z,-21.03,Debit Card,Vodafone,Telecommunication,37706.98
TXN00156,CUST001,2024-12-13T11:28:54Z,-67.01,Direct Debit,Yorkshire Water,Utilities,37639.97
TXN00157,CUST001,2024-12-27T03:25:42Z,-20.53,Debit Card,BT Broadband,Telecommunication,37619.44
TXN00158,CUST001,2024-12-30T07:05:56Z,-44.47,Direct Debit,Spotify,Entertainment,37574.97
TXN00159,CUST002,2024-01-09T14:02:05Z,-50.22,Direct Debit,O2,Telecommunication,1949.78
TXN00160,CUST002,2024-01-29T00:43:40Z,-49.02,Standing Order,Sky TV,Entertainment,1900.76
TXN00161,CUST002,2024-01-28T23:30:57Z,-44.21,Standing Order,Sainsbury's,Groceries,1856.55
TXN00162,CUST002,2024-01-11T20:26:08Z,-49.45,Standing Order,Spotify,Entertainment,1807.1
TXN00163,CUST002,2024-01-21T20:29:34Z,1173.43,Deposit,Lloyds Bank,Deposit,2980.53
TXN00164,CUST002,2024-01-10T15:29:35Z,-53.05,Debit Card,Northumbria Water,Utilities,2927.48
TXN00165,CUST002,2024-01-25T22:25:27Z,-57.32,Debit Card,Sainsbury's,Groceries,2870.16
TXN00166,CUST002,2024-01-10T00:23:33Z,-29.83,Debit Card,BT Broadband,Telecommunication,2840.33
TXN00167,CUST002,2024-01-09T16:57:34Z,-48.9,Direct Debit,Lidl,Groceries,2791.43
TXN00168,CUST002,2024-01-27T20:09:12Z,-126.55,Standing Order,Tesco,Groceries,2664.88
TXN00169,CUST002,2024-01-25T21:53:40Z,2993.31,Deposit,Lloyds Bank,Deposit,5658.19
TXN00170,CUST002,2024-01-08T01:44:30Z,-133.6,Standing Order,British Gas,Utilities,5524.59
TXN00171,CUST002,2024-01-03T11:46:00Z,2910.83,Deposit,Lloyds Bank,Deposit,8435.42
TXN00172,CUST002,2024-02-19T02:11:55Z,-96.59,Standing Order,EDF Energy,Utilities,8338.83
TXN00173,CUST002,2024-02-07T05:02:23Z,-24.59,Debit Card,Tesco,Groceries,8314.24
TXN00174,CUST002,2024-02-04T13:11:45Z,-63.73,Debit Card,British Gas,Utilities,8250.51
TXN00175,CUST002,2024-02-09T15:32:29Z,-93.88,Standing Order,British Gas,Utilities,8156.63
TXN00176,CUST002,2024-02-12T10:19:46Z,-11.48,Standing Order,Netflix,Entertainment,8145.15
TXN00177,CUST002,2024-02-06T06:05:44Z,-31.74,Debit Card,Netflix,Entertainment,8113.41
TXN00178,CUST002,2024-02-29T01:43:25Z,-38.59,Debit Card,Aldi,Groceries,8074.82
TXN00179,CUST002,2024-02-22T05:53:42Z,-32.59,Debit Card,Lidl,Groceries,8042.23
TXN00180,CUST002,2024-02-13T05:14:37Z,1228.59,Deposit,Lloyds Bank,Deposit,9270.82
TXN00181,CUST002,2024-02-11T10:22:20Z,-141.47,Debit Card,British Gas,Utilities,9129.35
TXN00182,CUST002,2024-02-23T23:44:17Z,-57.93,Debit Card,EE Mobile,Telecommunication,9071.42
TXN00183,CUST002,2024-02-29T02:50:37Z,-58.46,Debit Card,Rowlands,Healthcare,9012.96
TXN00184,CUST002,2024-02-01T07:53:39Z,-86.93,Debit Card,Aldi,Groceries,8926.03
TXN00185,CUST002,2024-02-01T23:51:52Z,-124.68,Direct Debit,Tesco,Groceries,8801.35
TXN00186,CUST002,2024-03-03T01:14:27Z,-66.47,Standing Order,EDF Energy,Utilities,8734.88
TXN00187,CUST002,2024-03-04T17:20:21Z,-136.51,Direct Debit,Aldi,Groceries,8598.37
TXN00188,CUST002,2024-03-23T20:01:14Z,-82.65,Debit Card,Scottish Power,Utilities,8515.72
TXN00189,CUST002,2024-03-03T13:33:46Z,-100.37,Debit Card,Aldi,Groceries,8415.35
TXN00190,CUST002,2024-03-24T01:13:02Z,-61.57,Debit Card,Tesco,Groceries,8353.78
TXN00191,CUST002,2024-03-18T19:26:18Z,-106.71,Debit Card,Yorkshire Water,Utilities,8247.07
TXN00192,CUST002,2024-03-14T20:45:58Z,-125.31,Debit Card,Aldi,Groceries,8121.76
TXN00193,CUST002,2024-03-02T04:18:12Z,-30.71,Direct Debit,Spotify,Entertainment,8091.05
TXN00194,CUST002,2024-03-08T06:25:15Z,-78.21,Debit Card,Boots Pharmacy,Healthcare,8012.84
TXN00195,CUST002,2024-03-15T19:22:42Z,-38.92,Direct Debit,Netflix,Entertainment,7973.92
TXN00196,CUST002,2024-04-22T20:29:07Z,-32.11,Debit Card,Sky TV,Entertainment,7941.81
TXN00197,CUST002,2024-04-24T11:37:34Z,-119.6,Debit Card,Lidl,Groceries,7822.21
TXN00198,CUST002,2024-04-18T07:04:05Z,-55.4,Debit Card,O2,Telecommunication,7766.81
TXN00199,CUST002,2024-04-29T23:58:01Z,-25.97,Direct Debit,Vodafone,Telecommunication,7740.84
TXN00200,CUST002,2024-04-25T12:59:53Z,-37.17,Debit Card,EE Mobile,Telecommunication,7703.67
TXN00201,CUST002,2024-04-15T00:26:07Z,-16.12,Direct Debit,Sky TV,Entertainment,7687.55
TXN00202,CUST002,2024-04-24T18:30:26Z,-110.68,Debit Card,EDF Energy,Utilities,7576.87
TXN00203,CUST002,2024-04-16T23:43:34Z,-44.15,Standing Order,Rowlands,Healthcare,7532.72
TXN00204,CUST002,2024-04-22T19:55:42Z,-40.14,Debit Card,Netflix,Entertainment,7492.58
TXN00205,CUST002,2024-04-04T09:20:20Z,-67.93,Standing Order,Boots Pharmacy,Healthcare,7424.65
TXN00206,CUST002,2024-04-20T19:11:25Z,-39.68,Direct Debit,Aldi,Groceries,7384.97
TXN00207,CUST002,2024-04-16T00:55:05Z,-33.67,Debit Card,Spotify,Entertainment,7351.3
TXN00208,CUST002,2024-04-05T01:48:11Z,-25.74,Direct Debit,BT Broadband,Telecommunication,7325.56
TXN00209,CUST002,2024-05-28T02:16:20Z,-53.77,Debit Card,Sainsbury's,Groceries,7271.79
TXN00210,CUST002,2024-05-15T17:12:12Z,2433.78,Deposit,Lloyds Bank,Deposit,9705.57
TXN00211,CUST002,2024-05-17T12:43:52Z,-132.93,Debit Card,Sainsbury's,Groceries,9572.64
TXN00212,CUST002,2024-05-07T11:28:59Z,-22.69,Debit Card,Netflix,Entertainment,9549.95
TXN00213,CUST002,2024-05-13T10:27:03Z,-143.6,Standing Order,Aldi,Groceries,9406.35
TXN00214,CUST002,2024-05-04T11:51:06Z,-74.38,Standing Order,Boots Pharmacy,Healthcare,9331.97
TXN00215,CUST002,2024-05-03T13:04:28Z,2860.62,Deposit,Lloyds Bank,Deposit,12192.59
TXN00216,CUST002,2024-05-11T17:42:19Z,-50.65,Debit Card,EE Mobile,Telecommunication,12141.94
TXN00217,CUST002,2024-05-28T07:44:39Z,-109.27,Direct Debit,Scottish Power,Utilities,12032.67
TXN00218,CUST002,2024-05-20T14:08:24Z,501.02,Deposit,Lloyds Bank,Deposit,12533.69
TXN00219,CUST002,2024-05-09T19:50:21Z,-97.82,Direct Debit,Boots Pharmacy,Healthcare,12435.87
TXN00220,CUST002,2024-05-02T06:01:24Z,-56.52,Direct Debit,Rowlands,Healthcare,12379.35
TXN00221,CUST002,2024-05-01T21:35:07Z,-72.31,Debit Card,British Gas,Utilities,12307.04
TXN00222,CUST002,2024-05-07T18:39:13Z,-23.93,Debit Card,Spotify,Entertainment,12283.11
TXN00223,CUST002,2024-05-15T07:43:33Z,-145.88,Direct Debit,Northumbria Water,Utilities,12137.23
TXN00224,CUST002,2024-06-18T21:27:52Z,-22.45,Debit Card,Spotify,Entertainment,12114.78
TXN00225,CUST002,2024-06-08T07:00:01Z,-135.13,Debit Card,EDF Energy,Utilities,11979.65
TXN00226,CUST002,2024-06-11T03:09:40Z,2890.68,Deposit,Lloyds Bank,Deposit,14870.33
TXN00227,CUST002,2024-06-03T17:58:45Z,-109.82,Standing Order,Scottish Power,Utilities,14760.51
TXN00228,CUST002,2024-06-12T09:16:19Z,-947.48,Debit Card,Lloyds Bank,Mortgage,13813.03
TXN00229,CUST002,2024-06-27T07:58:25Z,-91.76,Debit Card,Payee Ltd,Miscellaneous,13721.27
TXN00230,CUST002,2024-06-28T10:14:50Z,-34.77,Debit Card,EE Mobile,Telecommunication,13686.5
TXN00231,CUST002,2024-06-24T08:10:29Z,-27.17,Standing Order,Tesco,Groceries,13659.33
TXN00232,CUST002,2024-06-22T14:38:09Z,-44.14,Standing Order,O2,Telecommunication,13615.19
TXN00233,CUST002,2024-06-03T05:20:28Z,-119.55,Standing Order,British Gas,Utilities,13495.64
TXN00234,CUST002,2024-06-28T18:02:38Z,-894.2,Debit Card,Lloyds Bank,Mortgage,12601.44
TXN00235,CUST002,2024-06-30T17:32:17Z,-23.82,Debit Card,Vodafone,Telecommunication,12577.62
TXN00236,CUST002,2024-06-14T04:58:45Z,-33.43,Debit Card,Netflix,Entertainment,12544.19
TXN00237,CUST002,2024-07-17T11:02:00Z,-47.34,Direct Debit,Rowlands,Healthcare,12496.85
TXN00238,CUST002,2024-07-08T03:49:50Z,-10.92,Debit Card,Amazon,Shopping,12485.93
TXN00239,CUST002,2024-07-01T11:23:48Z,-37.51,Debit Card,Netflix,Entertainment,12448.42
TXN00240,CUST002,2024-07-06T15:49:10Z,-51.02,Standing Order,Asda,Groceries,12397.4
TXN00241,CUST002,2024-07-10T03:09:47Z,3094.89,Deposit,Lloyds Bank,Deposit,15492.29
TXN00242,CUST002,2024-07-17T08:42:58Z,-62.66,Debit Card,Amazon,Shopping,15429.63
TXN00243,CUST002,2024-07-05T22:30:05Z,-70.16,Debit Card,Tesco,Groceries,15359.47
TXN00244,CUST002,2024-07-09T15:10:32Z,-110.15,Standing Order,Scottish Power,Utilities,15249.32
TXN00245,CUST002,2024-07-17T16:33:18Z,-62.88,Direct Debit,Sainsbury's,Groceries,15186.44
TXN00246,CUST002,2024-07-24T15:29:58Z,2722.21,Deposit,Lloyds Bank,Deposit,17908.65
TXN00247,CUST002,2024-07-27T23:05:59Z,-36.11,Debit Card,O2,Telecommunication,17872.54
TXN00248,CUST002,2024-07-02T11:04:27Z,1459.31,Deposit,Lloyds Bank,Deposit,19331.85
TXN00249,CUST002,2024-08-09T21:04:55Z,1636.49,Deposit,Lloyds Bank,Deposit,20968.34
TXN00250,CUST002,2024-08-17T01:29:13Z,1210.69,Deposit,Lloyds Bank,Deposit,22179.03
TXN00251,CUST002,2024-08-07T03:56:15Z,-26.93,Direct Debit,BT Broadband,Telecommunication,22152.1
TXN00252,CUST002,2024-08-19T22:45:54Z,-125.84,Debit Card,Tesco,Groceries,22026.26
TXN00253,CUST002,2024-08-30T09:50:33Z,-118.78,Debit Card,Yorkshire Water,Utilities,21907.48
TXN00254,CUST002,2024-08-13T08:40:35Z,-23.64,Debit Card,Payee Ltd,Miscellaneous,21883.84
TXN00255,CUST002,2024-08-18T09:42:36Z,-144.75,Debit Card,Lidl,Groceries,21739.09
TXN00256,CUST002,2024-08-29T03:03:39Z,3169.63,Deposit,Lloyds Bank,Deposit,24908.72
TXN00257,CUST002,2024-08-31T14:05:56Z,-67.01,Direct Debit,EDF Energy,Utilities,24841.71
TXN00258,CUST002,2024-08-12T09:31:23Z,-92,Debit Card,Boots Pharmacy,Healthcare,24749.71
TXN00259,CUST002,2024-08-17T13:47:14Z,-34.75,Debit Card,O2,Telecommunication,24714.96
TXN00260,CUST002,2024-08-30T22:06:01Z,-34.11,Standing Order,O2,Telecommunication,24680.85
TXN00261,CUST002,2024-08-19T04:04:50Z,-69.04,Direct Debit,Boots Pharmacy,Healthcare,24611.81
TXN00262,CUST002,2024-08-24T11:11:55Z,-75.46,Debit Card,Boots Pharmacy,Healthcare,24536.35
TXN00263,CUST002,2024-08-06T14:27:15Z,-38.7,Direct Debit,O2,Telecommunication,24497.65
TXN00264,CUST002,2024-09-21T20:56:56Z,1375.01,Deposit,Lloyds Bank,Deposit,25872.66
TXN00265,CUST002,2024-09-26T14:07:10Z,-84.7,Standing Order,Yorkshire Water,Utilities,25787.96
TXN00266,CUST002,2024-09-26T22:22:46Z,-44.91,Standing Order,Spotify,Entertainment,25743.05
TXN00267,CUST002,2024-09-16T04:31:15Z,-83.39,Standing Order,Rowlands,Healthcare,25659.66
TXN00268,CUST002,2024-09-08T13:27:52Z,-85.58,Debit Card,Sainsbury's,Groceries,25574.08
TXN00269,CUST002,2024-09-14T16:41:31Z,-21.16,Debit Card,Netflix,Entertainment,25552.92
TXN00270,CUST002,2024-09-10T19:13:11Z,2444.59,Deposit,Lloyds Bank,Deposit,27997.51
TXN00271,CUST002,2024-09-01T07:34:56Z,-136.36,Direct Debit,Aldi,Groceries,27861.15
TXN00272,CUST002,2024-09-25T10:54:31Z,-139.55,Debit Card,Scottish Power,Utilities,27721.6
TXN00273,CUST002,2024-09-19T22:38:52Z,-6.1,Direct Debit,Spotify,Entertainment,27715.5
TXN00274,CUST002,2024-09-05T06:24:39Z,-31,Direct Debit,Amazon,Shopping,27684.5
TXN00275,CUST002,2024-09-22T21:05:38Z,-130.73,Direct Debit,Tesco,Groceries,27553.77
TXN00276,CUST002,2024-09-04T04:28:19Z,-113.57,Standing Order,Yorkshire Water,Utilities,27440.2
TXN00277,CUST002,2024-09-28T05:09:32Z,-58.52,Direct Debit,Asda,Groceries,27381.68
TXN00278,CUST002,2024-10-14T11:00:05Z,1261.33,Deposit,Lloyds Bank,Deposit,28643.01
TXN00279,CUST002,2024-10-01T00:53:06Z,-39.35,Standing Order,O2,Telecommunication,28603.66
TXN00280,CUST002,2024-10-22T09:00:00Z,-16.31,Standing Order,Payee Ltd,Miscellaneous,28587.35
TXN00281,CUST002,2024-10-28T16:38:18Z,-99.09,Standing Order,Northumbria Water,Utilities,28488.26
TXN00282,CUST002,2024-10-01T05:50:50Z,-43.98,Debit Card,Netflix,Entertainment,28444.28
TXN00283,CUST002,2024-10-09T06:49:49Z,-29.31,Standing Order,EE Mobile,Telecommunication,28414.97
TXN00284,CUST002,2024-10-31T16:04:07Z,-91.4,Debit Card,Lidl,Groceries,28323.57
TXN00285,CUST002,2024-10-18T01:56:56Z,-54.77,Debit Card,BT Broadband,Telecommunication,28268.8
TXN00286,CUST002,2024-10-25T04:23:38Z,-1062.14,Debit Card,Lloyds Bank,Mortgage,27206.66
TXN00287,CUST002,2024-10-20T01:49:21Z,-72.48,Debit Card,Boots Pharmacy,Healthcare,27134.18
TXN00288,CUST002,2024-10-28T08:17:51Z,759.3,Deposit,Lloyds Bank,Deposit,27893.48
TXN00289,CUST002,2024-10-19T05:07:49Z,-61.67,Standing Order,Rowlands,Healthcare,27831.81
TXN00290,CUST002,2024-10-08T23:59:16Z,-19.88,Debit Card,Spotify,Entertainment,27811.93
TXN00291,CUST002,2024-11-23T15:41:46Z,2579.53,Deposit,Lloyds Bank,Deposit,30391.46
TXN00292,CUST002,2024-11-20T08:52:32Z,-114.78,Direct Debit,Asda,Groceries,30276.68
TXN00293,CUST002,2024-11-24T21:07:19Z,-12.01,Debit Card,Spotify,Entertainment,30264.67
TXN00294,CUST002,2024-11-08T17:24:44Z,2219.27,Deposit,Lloyds Bank,Deposit,32483.94
TXN00295,CUST002,2024-11-18T16:13:35Z,-51.08,Debit Card,Payee Ltd,Miscellaneous,32432.86
TXN00296,CUST002,2024-11-09T03:14:57Z,-5.93,Standing Order,Payee Ltd,Miscellaneous,32426.93
TXN00297,CUST002,2024-11-04T12:35:57Z,908.02,Deposit,Lloyds Bank,Deposit,33334.95
TXN00298,CUST002,2024-11-26T10:43:58Z,-159.81,Debit Card,Amazon,Shopping,33175.14
TXN00299,CUST002,2024-11-08T13:00:22Z,-108.34,Direct Debit,Lidl,Groceries,33066.8
TXN00300,CUST002,2024-11-28T18:31:53Z,-135.89,Standing Order,Lidl,Groceries,32930.91
TXN00301,CUST002,2024-12-13T04:26:52Z,-151.75,Direct Debit,Amazon,Shopping,32779.16
TXN00302,CUST002,2024-12-10T16:30:01Z,1314.74,Deposit,Lloyds Bank,Deposit,34093.9
TXN00303,CUST002,2024-12-31T00:18:11Z,-9.5,Debit Card,Sky TV,Entertainment,34084.4
TXN00304,CUST002,2024-12-15T11:03:47Z,-98.31,Debit Card,Boots Pharmacy,Healthcare,33986.09
TXN00305,CUST002,2024-12-22T11:40:32Z,-1214.74,Debit Card,Lloyds Bank,Mortgage,32771.35
TXN00306,CUST002,2024-12-03T04:05:37Z,-50.97,Debit Card,Asda,Groceries,32720.38
TXN00307,CUST002,2024-12-17T23:50:33Z,-11.78,Standing Order,Spotify,Entertainment,32708.6
TXN00308,CUST002,2024-12-31T08:46:21Z,-77.68,Standing Order,Rowlands,Healthcare,32630.92
TXN00309,CUST002,2024-12-04T22:47:41Z,-928.45,Standing Order,Lloyds Bank,Mortgage,31702.47
TXN00310,CUST002,2024-12-26T23:35:04Z,-25.02,Debit Card,Netflix,Entertainment,31677.45
TXN00311,CUST002,2024-12-27T12:04:08Z,-126.58,Direct Debit,Tesco,Groceries,31550.87
TXN00312,CUST002,2024-12-17T01:36:38Z,-73.4,Debit Card,Rowlands,Healthcare,31477.47
TXN00313,CUST002,2024-12-07T00:57:10Z,-41.4,Direct Debit,O2,Telecommunication,31436.07
TXN00314,CUST002,2024-12-07T19:04:09Z,-99.85,Debit Card,Scottish Power,Utilities,31336.22
TXN00315,CUST002,2024-12-22T09:32:29Z,-120.42,Direct Debit,Asda,Groceries,31215.8
TXN00316,CUST003,2024-01-22T03:29:28Z,-70.8,Standing Order,Lidl,Groceries,1429.2
TXN00317,CUST003,2024-01-03T09:35:42Z,-95.97,Direct Debit,Northumbria Water,Utilities,1333.23
TXN00318,CUST003,2024-01-18T03:13:17Z,-139.58,Debit Card,Northumbria Water,Utilities,1193.65
TXN00319,CUST003,2024-01-26T16:00:03Z,-38.64,Direct Debit,Spotify,Entertainment,1155.01
TXN00320,CUST003,2024-01-02T05:25:08Z,-88.16,Debit Card,Asda,Groceries,1066.85
TXN00321,CUST003,2024-01-01T17:58:20Z,1905.98,Deposit,Lloyds Bank,Deposit,2972.83
TXN00322,CUST003,2024-01-10T11:42:30Z,-103.37,Standing Order,Amazon,Shopping,2869.46
TXN00323,CUST003,2024-01-05T18:29:29Z,2568.08,Deposit,Lloyds Bank,Deposit,5437.54
TXN00324,CUST003,2024-01-24T00:17:54Z,1466.78,Deposit,Lloyds Bank,Deposit,6904.32
TXN00325,CUST003,2024-01-01T23:39:43Z,-14.6,Debit Card,Rowlands,Healthcare,6889.72
TXN00326,CUST003,2024-01-09T03:47:13Z,-111.92,Standing Order,Scottish Power,Utilities,6777.8
TXN00327,CUST003,2024-01-11T13:53:50Z,-120.17,Direct Debit,Northumbria Water,Utilities,6657.63
TXN00328,CUST003,2024-02-27T01:41:00Z,-30.94,Debit Card,Vodafone,Telecommunication,6626.69
TXN00329,CUST003,2024-02-27T15:44:57Z,-64.97,Debit Card,Rowlands,Healthcare,6561.72
TXN00330,CUST003,2024-02-15T18:55:44Z,1642,Deposit,Lloyds Bank,Deposit,8203.72
TXN00331,CUST003,2024-02-14T17:42:48Z,-9.17,Direct Debit,Spotify,Entertainment,8194.55
TXN00332,CUST003,2024-02-10T02:08:11Z,3014.84,Deposit,Lloyds Bank,Deposit,11209.39
TXN00333,CUST003,2024-02-14T18:05:19Z,-128.69,Debit Card,Aldi,Groceries,11080.7
TXN00334,CUST003,2024-02-22T12:48:03Z,-43.08,Debit Card,BT Broadband,Telecommunication,11037.62
TXN00335,CUST003,2024-02-04T03:04:11Z,1406.74,Deposit,Lloyds Bank,Deposit,12444.36
TXN00336,CUST003,2024-02-22T14:52:07Z,554.1,Deposit,Lloyds Bank,Deposit,12998.46
TXN00337,CUST003,2024-02-02T17:38:45Z,-44.25,Debit Card,Vodafone,Telecommunication,12954.21
TXN00338,CUST003,2024-02-05T00:36:51Z,-50.58,Direct Debit,Northumbria Water,Utilities,12903.63
TXN00339,CUST003,2024-02-01T05:17:40Z,-112.1,Direct Debit,Aldi,Groceries,12791.53
TXN00340,CUST003,2024-03-13T19:23:09Z,-29,Direct Debit,O2,Telecommunication,12762.53
TXN00341,CUST003,2024-03-13T17:27:54Z,3387.22,Deposit,Lloyds Bank,Deposit,16149.75
TXN00342,CUST003,2024-03-18T11:03:40Z,-52.31,Direct Debit,BT Broadband,Telecommunication,16097.44
TXN00343,CUST003,2024-03-31T17:47:29Z,1347.92,Deposit,Lloyds Bank,Deposit,17445.36
TXN00344,CUST003,2024-03-30T22:05:48Z,-87.29,Debit Card,Tesco,Groceries,17358.07
TXN00345,CUST003,2024-03-09T08:44:03Z,2045.34,Deposit,Lloyds Bank,Deposit,19403.41
TXN00346,CUST003,2024-03-16T04:20:24Z,-21.33,Direct Debit,Aldi,Groceries,19382.08
TXN00347,CUST003,2024-03-21T17:34:54Z,-97.96,Direct Debit,Lidl,Groceries,19284.12
TXN00348,CUST003,2024-03-06T18:51:00Z,-77.45,Debit Card,Boots Pharmacy,Healthcare,19206.67
TXN00349,CUST003,2024-03-12T01:11:08Z,-38.88,Debit Card,Rowlands,Healthcare,19167.79
TXN00350,CUST003,2024-03-14T16:53:48Z,-110.59,Debit Card,Yorkshire Water,Utilities,19057.2
TXN00351,CUST003,2024-04-02T04:47:16Z,2812.34,Deposit,Lloyds Bank,Deposit,21869.54
TXN00352,CUST003,2024-04-15T01:11:46Z,-136.37,Direct Debit,Scottish Power,Utilities,21733.17
TXN00353,CUST003,2024-04-20T12:58:30Z,-113.88,Debit Card,Scottish Power,Utilities,21619.29
TXN00354,CUST003,2024-04-25T00:12:21Z,-127.19,Direct Debit,Scottish Power,Utilities,21492.1
TXN00355,CUST003,2024-04-30T20:05:02Z,3148.65,Deposit,Lloyds Bank,Deposit,24640.75
TXN00356,CUST003,2024-04-25T02:56:52Z,-40.39,Standing Order,Amazon,Shopping,24600.36
TXN00357,CUST003,2024-04-20T17:27:03Z,-88.55,Direct Debit,Boots Pharmacy,Healthcare,24511.81
TXN00358,CUST003,2024-04-19T12:33:59Z,-18.7,Standing Order,Payee Ltd,Miscellaneous,24493.11
TXN00359,CUST003,2024-04-03T07:45:49Z,-99.32,Debit Card,Boots Pharmacy,Healthcare,24393.79
TXN00360,CUST003,2024-04-18T04:58:33Z,-99.09,Debit Card,British Gas,Utilities,24294.7
TXN00361,CUST003,2024-04-22T10:42:21Z,-97.05,Standing Order,Aldi,Groceries,24197.65
TXN00362,CUST003,2024-05-18T18:30:34Z,-70.58,Debit Card,Boots Pharmacy,Healthcare,24127.07
TXN00363,CUST003,2024-05-26T02:23:53Z,-131.24,Standing Order,Yorkshire Water,Utilities,23995.83
TXN00364,CUST003,2024-05-28T09:44:26Z,-132.46,Direct Debit,Northumbria Water,Utilities,23863.37
TXN00365,CUST003,2024-05-12T14:43:45Z,-106.54,Standing Order,Aldi,Groceries,23756.83
TXN00366,CUST003,2024-05-14T08:20:09Z,-36.51,Standing Order,Netflix,Entertainment,23720.32
TXN00367,CUST003,2024-05-05T09:39:01Z,-187.59,Debit Card,Amazon,Shopping,23532.73
TXN00368,CUST003,2024-05-23T04:25:49Z,-53.63,Direct Debit,EE Mobile,Telecommunication,23479.1
TXN00369,CUST003,2024-05-14T17:42:24Z,-117.21,Direct Debit,British Gas,Utilities,23361.89
TXN00370,CUST003,2024-05-07T05:16:40Z,2250.61,Deposit,Lloyds Bank,Deposit,25612.5
TXN00371,CUST003,2024-05-19T12:45:59Z,-113.06,Standing Order,British Gas,Utilities,25499.44
TXN00372,CUST003,2024-05-27T11:37:01Z,-60.88,Standing Order,Lidl,Groceries,25438.56
TXN00373,CUST003,2024-05-12T16:50:28Z,1050.36,Deposit,Lloyds Bank,Deposit,26488.92
TXN00374,CUST003,2024-05-14T16:14:41Z,609.45,Deposit,Lloyds Bank,Deposit,27098.37
TXN00375,CUST003,2024-06-12T09:32:00Z,2439.02,Deposit,Lloyds Bank,Deposit,29537.39
TXN00376,CUST003,2024-06-03T14:08:37Z,1155.6,Deposit,Lloyds Bank,Deposit,30692.99
TXN00377,CUST003,2024-06-30T03:50:08Z,-140.23,Debit Card,Asda,Groceries,30552.76
TXN00378,CUST003,2024-06-05T09:36:56Z,-103.65,Standing Order,Yorkshire Water,Utilities,30449.11
TXN00379,CUST003,2024-06-01T18:48:18Z,-22.17,Standing Order,Sky TV,Entertainment,30426.94
TXN00380,CUST003,2024-06-25T02:47:45Z,-105.04,Direct Debit,Tesco,Groceries,30321.9
TXN00381,CUST003,2024-06-02T10:59:06Z,-58.98,Direct Debit,EDF Energy,Utilities,30262.92
TXN00382,CUST003,2024-06-02T08:21:57Z,-64.16,Direct Debit,Amazon,Shopping,30198.76
TXN00383,CUST003,2024-06-07T11:39:13Z,-88.19,Debit Card,Asda,Groceries,30110.57
TXN00384,CUST003,2024-06-22T16:29:12Z,-1296.02,Standing Order,Lloyds Bank,Mortgage,28814.55
TXN00385,CUST003,2024-06-05T19:58:23Z,-24.23,Debit Card,Netflix,Entertainment,28790.32
TXN00386,CUST003,2024-07-14T01:41:34Z,-75.7,Debit Card,Tesco,Groceries,28714.62
TXN00387,CUST003,2024-07-18T23:30:43Z,-91.82,Standing Order,Rowlands,Healthcare,28622.8
TXN00388,CUST003,2024-07-26T06:40:26Z,-113.99,Direct Debit,Aldi,Groceries,28508.81
TXN00389,CUST003,2024-07-06T20:59:51Z,-101.1,Standing Order,Tesco,Groceries,28407.71
TXN00390,CUST003,2024-07-30T09:24:52Z,-144.43,Standing Order,Lidl,Groceries,28263.28
TXN00391,CUST003,2024-07-25T20:53:41Z,-21.74,Standing Order,Rowlands,Healthcare,28241.54
TXN00392,CUST003,2024-07-28T22:47:05Z,-78.88,Debit Card,Northumbria Water,Utilities,28162.66
TXN00393,CUST003,2024-07-31T14:53:46Z,-44.95,Standing Order,BT Broadband,Telecommunication,28117.71
TXN00394,CUST003,2024-07-01T09:46:19Z,-13.02,Debit Card,Sky TV,Entertainment,28104.69
TXN00395,CUST003,2024-07-30T22:49:12Z,-29.88,Debit Card,Payee Ltd,Miscellaneous,28074.81
TXN00396,CUST003,2024-07-25T10:48:42Z,2937.5,Deposit,Lloyds Bank,Deposit,31012.31
TXN00397,CUST003,2024-07-13T15:30:29Z,-143.92,Debit Card,British Gas,Utilities,30868.39
TXN00398,CUST003,2024-07-06T10:27:15Z,-93.69,Debit Card,Payee Ltd,Miscellaneous,30774.7
TXN00399,CUST003,2024-07-28T21:16:34Z,-54.27,Debit Card,Vodafone,Telecommunication,30720.43
TXN00400,CUST003,2024-08-04T17:03:16Z,-939.46,Debit Card,Lloyds Bank,Mortgage,29780.97
TXN00401,CUST003,2024-08-21T21:32:27Z,-71.12,Debit Card,Scottish Power,Utilities,29709.85
TXN00402,CUST003,2024-08-26T12:20:09Z,-31.57,Debit Card,O2,Telecommunication,29678.28
TXN00403,CUST003,2024-08-26T09:47:34Z,-96.99,Debit Card,Yorkshire Water,Utilities,29581.29
TXN00404,CUST003,2024-08-07T00:19:38Z,-73.02,Standing Order,Scottish Power,Utilities,29508.27
TXN00405,CUST003,2024-08-12T10:20:15Z,-76.17,Standing Order,Yorkshire Water,Utilities,29432.1
TXN00406,CUST003,2024-08-01T11:12:35Z,-91.13,Direct Debit,Payee Ltd,Miscellaneous,29340.97
TXN00407,CUST003,2024-08-23T13:15:04Z,590.63,Deposit,Lloyds Bank,Deposit,29931.6
TXN00408,CUST003,2024-08-09T19:31:51Z,-40.44,Direct Debit,Spotify,Entertainment,29891.16
TXN00409,CUST003,2024-08-30T16:02:50Z,-22.59,Debit Card,EE Mobile,Telecommunication,29868.57
TXN00410,CUST003,2024-08-16T06:46:06Z,-28.52,Standing Order,Sainsbury's,Groceries,29840.05
TXN00411,CUST003,2024-09-23T12:42:33Z,-963.66,Standing Order,Lloyds Bank,Mortgage,28876.39
TXN00412,CUST003,2024-09-07T07:20:42Z,-24.04,Debit Card,BT Broadband,Telecommunication,28852.35
TXN00413,CUST003,2024-09-15T13:01:45Z,1628.64,Deposit,Lloyds Bank,Deposit,30480.99
TXN00414,CUST003,2024-09-08T15:25:13Z,-20.02,Direct Debit,Vodafone,Telecommunication,30460.97
TXN00415,CUST003,2024-09-30T14:38:58Z,3057.92,Deposit,Lloyds Bank,Deposit,33518.89
TXN00416,CUST003,2024-09-13T03:57:12Z,-57.14,Standing Order,Northumbria Water,Utilities,33461.75
TXN00417,CUST003,2024-09-13T06:00:12Z,-995.49,Debit Card,Lloyds Bank,Mortgage,32466.26
TXN00418,CUST003,2024-09-24T18:53:05Z,2707.92,Deposit,Lloyds Bank,Deposit,35174.18
TXN00419,CUST003,2024-09-22T15:42:39Z,-90.37,Direct Debit,Payee Ltd,Miscellaneous,35083.81
TXN00420,CUST003,2024-09-02T02:12:45Z,-26.49,Debit Card,O2,Telecommunication,35057.32
TXN00421,CUST003,2024-09-19T04:25:15Z,729.58,Deposit,Lloyds Bank,Deposit,35786.9
TXN00422,CUST003,2024-10-29T23:08:15Z,-37.29,Debit Card,O2,Telecommunication,35749.61
TXN00423,CUST003,2024-10-15T17:14:15Z,-13.28,Standing Order,Sky TV,Entertainment,35736.33
TXN00424,CUST003,2024-10-03T23:36:46Z,-45.04,Debit Card,Amazon,Shopping,35691.29
TXN00425,CUST003,2024-10-12T05:23:33Z,-23.62,Debit Card,Tesco,Groceries,35667.67
TXN00426,CUST003,2024-10-12T12:40:15Z,-37.85,Debit Card,Boots Pharmacy,Healthcare,35629.82
TXN00427,CUST003,2024-10-24T09:12:46Z,-97.2,Debit Card,Tesco,Groceries,35532.62
TXN00428,CUST003,2024-10-11T02:56:49Z,-140.06,Debit Card,EDF Energy,Utilities,35392.56
TXN00429,CUST003,2024-10-03T07:35:47Z,-87.63,Debit Card,Payee Ltd,Miscellaneous,35304.93
TXN00430,CUST003,2024-10-05T16:02:03Z,-29.38,Debit Card,Payee Ltd,Miscellaneous,35275.55
TXN00431,CUST003,2024-10-14T02:15:14Z,-134.07,Direct Debit,Amazon,Shopping,35141.48
TXN00432,CUST003,2024-11-06T05:57:54Z,-24.9,Debit Card,Spotify,Entertainment,35116.58
TXN00433,CUST003,2024-11-09T14:16:48Z,-140.29,Standing Order,Tesco,Groceries,34976.29
TXN00434,CUST003,2024-11-16T14:11:23Z,-80.49,Debit Card,Amazon,Shopping,34895.8
TXN00435,CUST003,2024-11-27T04:22:22Z,-29.03,Debit Card,Sky TV,Entertainment,34866.77
TXN00436,CUST003,2024-11-03T08:53:17Z,-76.16,Direct Debit,Boots Pharmacy,Healthcare,34790.61
TXN00437,CUST003,2024-11-11T14:25:39Z,-105.2,Debit Card,British Gas,Utilities,34685.41
TXN00438,CUST003,2024-11-27T00:57:13Z,-71.6,Direct Debit,British Gas,Utilities,34613.81
TXN00439,CUST003,2024-11-08T04:40:21Z,-141.75,Direct Debit,EDF Energy,Utilities,34472.06
TXN00440,CUST003,2024-11-10T04:07:31Z,-113.98,Debit Card,Sainsbury's,Groceries,34358.08
TXN00441,CUST003,2024-11-10T23:56:49Z,-58.12,Debit Card,Amazon,Shopping,34299.96
TXN00442,CUST003,2024-11-03T10:48:20Z,-83.79,Debit Card,Payee Ltd,Miscellaneous,34216.17
TXN00443,CUST003,2024-11-19T00:22:39Z,-133.55,Standing Order,Scottish Power,Utilities,34082.62
TXN00444,CUST003,2024-11-13T11:59:19Z,-80.86,Debit Card,Asda,Groceries,34001.76
TXN00445,CUST003,2024-12-24T10:16:34Z,3249.07,Deposit,Lloyds Bank,Deposit,37250.83
TXN00446,CUST003,2024-12-20T07:14:46Z,637.45,Deposit,Lloyds Bank,Deposit,37888.28
TXN00447,CUST003,2024-12-20T03:47:52Z,-82.32,Direct Debit,Northumbria Water,Utilities,37805.96
TXN00448,CUST003,2024-12-03T12:09:03Z,-21.46,Standing Order,Payee Ltd,Miscellaneous,37784.5
TXN00449,CUST003,2024-12-03T09:15:47Z,-95.35,Standing Order,Aldi,Groceries,37689.15
TXN00450,CUST003,2024-12-09T18:13:25Z,-59.01,Direct Debit,Aldi,Groceries,37630.14
TXN00451,CUST003,2024-12-23T22:36:04Z,-120.72,Standing Order,British Gas,Utilities,37509.42
TXN00452,CUST003,2024-12-01T18:59:22Z,-33,Direct Debit,Netflix,Entertainment,37476.42
TXN00453,CUST003,2024-12-25T20:40:28Z,1370.25,Deposit,Lloyds Bank,Deposit,38846.67
TXN00454,CUST003,2024-12-20T23:37:18Z,-32,Direct Debit,Asda,Groceries,38814.67
TXN00455,CUST004,2024-01-04T08:47:02Z,-91.97,Debit Card,Yorkshire Water,Utilities,1708.03
TXN00456,CUST004,2024-01-13T00:17:39Z,-28.11,Debit Card,Tesco,Groceries,1679.92
TXN00457,CUST004,2024-01-06T15:17:07Z,-124.09,Debit Card,Scottish Power,Utilities,1555.83
TXN00458,CUST004,2024-01-03T04:25:09Z,-96.83,Standing Order,Boots Pharmacy,Healthcare,1459
TXN00459,CUST004,2024-01-28T10:19:42Z,-28.12,Debit Card,Netflix,Entertainment,1430.88
TXN00460,CUST004,2024-01-03T03:43:45Z,2913.24,Deposit,Lloyds Bank,Deposit,4344.12
TXN00461,CUST004,2024-01-10T22:29:23Z,-928.67,Debit Card,Lloyds Bank,Mortgage,3415.45
TXN00462,CUST004,2024-01-13T23:57:24Z,-57.03,Standing Order,Northumbria Water,Utilities,3358.42
TXN00463,CUST004,2024-01-20T09:31:54Z,-44.62,Direct Debit,Payee Ltd,Miscellaneous,3313.8
TXN00464,CUST004,2024-01-12T11:47:51Z,-112.01,Direct Debit,Asda,Groceries,3201.79
TXN00465,CUST004,2024-02-06T23:33:42Z,2208.97,Deposit,Lloyds Bank,Deposit,5410.76
TXN00466,CUST004,2024-02-13T18:49:29Z,-118.45,Debit Card,EDF Energy,Utilities,5292.31
TXN00467,CUST004,2024-02-23T01:26:54Z,-41.65,Debit Card,O2,Telecommunication,5250.66
TXN00468,CUST004,2024-02-11T23:59:11Z,1645.17,Deposit,Lloyds Bank,Deposit,6895.83
TXN00469,CUST004,2024-02-24T07:10:14Z,-32.2,Debit Card,O2,Telecommunication,6863.63
TXN00470,CUST004,2024-02-07T02:06:27Z,-48.62,Direct Debit,Rowlands,Healthcare,6815.01
TXN00471,CUST004,2024-02-12T12:10:48Z,-124.03,Direct Debit,Lidl,Groceries,6690.98
TXN00472,CUST004,2024-02-26T07:59:26Z,-73.77,Direct Debit,Sainsbury's,Groceries,6617.21
TXN00473,CUST004,2024-02-02T09:29:42Z,-141.99,Debit Card,Amazon,Shopping,6475.22
TXN00474,CUST004,2024-02-09T14:38:31Z,1140.53,Deposit,Lloyds Bank,Deposit,7615.75
TXN00475,CUST004,2024-02-27T07:23:30Z,-42.89,Standing Order,O2,Telecommunication,7572.86
TXN00476,CUST004,2024-02-14T22:28:17Z,-132.59,Standing Order,Scottish Power,Utilities,7440.27
TXN00477,CUST004,2024-02-05T20:50:10Z,-39.97,Standing Order,BT Broadband,Telecommunication,7400.3
TXN00478,CUST004,2024-02-11T19:02:06Z,-35.57,Direct Debit,Sky TV,Entertainment,7364.73
TXN00479,CUST004,2024-02-11T21:28:29Z,-133.75,Direct Debit,Asda,Groceries,7230.98
TXN00480,CUST004,2024-03-11T12:21:38Z,3179.53,Deposit,Lloyds Bank,Deposit,10410.51
TXN00481,CUST004,2024-03-18T22:12:30Z,-9.43,Debit Card,Spotify,Entertainment,10401.08
TXN00482,CUST004,2024-03-09T21:43:39Z,-86.83,Debit Card,Payee Ltd,Miscellaneous,10314.25
TXN00483,CUST004,2024-03-08T04:21:51Z,2988.09,Deposit,Lloyds Bank,Deposit,13302.34
TXN00484,CUST004,2024-03-06T12:42:53Z,603.82,Deposit,Lloyds Bank,Deposit,13906.16
TXN00485,CUST004,2024-03-17T06:54:39Z,-193.66,Debit Card,Amazon,Shopping,13712.5
TXN00486,CUST004,2024-03-17T23:51:14Z,-80.82,Standing Order,Yorkshire Water,Utilities,13631.68
TXN00487,CUST004,2024-03-30T16:00:04Z,-54.24,Debit Card,BT Broadband,Telecommunication,13577.44
TXN00488,CUST004,2024-03-02T23:52:10Z,-109.82,Standing Order,EDF Energy,Utilities,13467.62
TXN00489,CUST004,2024-03-22T09:53:31Z,-93.21,Debit Card,British Gas,Utilities,13374.41
TXN00490,CUST004,2024-03-08T01:17:04Z,-17.18,Debit Card,Netflix,Entertainment,13357.23
TXN00491,CUST004,2024-03-15T02:22:43Z,-42.37,Standing Order,Sky TV,Entertainment,13314.86
TXN00492,CUST004,2024-03-27T02:16:19Z,-53.13,Standing Order,EE Mobile,Telecommunication,13261.73
TXN00493,CUST004,2024-03-19T19:55:14Z,-111.77,Direct Debit,Amazon,Shopping,13149.96
TXN00494,CUST004,2024-04-04T12:46:27Z,-35.2,Direct Debit,Vodafone,Telecommunication,13114.76
TXN00495,CUST004,2024-04-27T12:53:06Z,-65.11,Debit Card,Northumbria Water,Utilities,13049.65
TXN00496,CUST004,2024-04-30T00:39:41Z,-35.29,Debit Card,O2,Telecommunication,13014.36
TXN00497,CUST004,2024-04-18T06:36:56Z,-110.47,Debit Card,Scottish Power,Utilities,12903.89
TXN00498,CUST004,2024-04-09T09:00:17Z,-30.67,Debit Card,BT Broadband,Telecommunication,12873.22
TXN00499,CUST004,2024-04-07T11:28:44Z,-30.39,Direct Debit,BT Broadband,Telecommunication,12842.83
TXN00500,CUST004,2024-04-07T02:36:51Z,-32.89,Debit Card,Netflix,Entertainment,12809.94
TXN00501,CUST004,2024-04-25T15:47:04Z,-115.84,Standing Order,British Gas,Utilities,12694.1
TXN00502,CUST004,2024-04-28T15:49:13Z,-1469.29,Direct Debit,Lloyds Bank,Mortgage,11224.81
TXN00503,CUST004,2024-04-25T06:30:41Z,-86.06,Debit Card,Scottish Power,Utilities,11138.75
TXN00504,CUST004,2024-04-03T17:32:38Z,3375.49,Deposit,Lloyds Bank,Deposit,14514.24
TXN00505,CUST004,2024-04-21T06:20:27Z,-41.34,Direct Debit,BT Broadband,Telecommunication,14472.9
TXN00506,CUST004,2024-04-03T21:26:03Z,-37.37,Standing Order,Vodafone,Telecommunication,14435.53
TXN00507,CUST004,2024-04-26T02:02:22Z,2074.37,Deposit,Lloyds Bank,Deposit,16509.9
TXN00508,CUST004,2024-05-02T13:26:03Z,-39.23,Direct Debit,Payee Ltd,Miscellaneous,16470.67
TXN00509,CUST004,2024-05-23T22:34:19Z,-25.9,Debit Card,Vodafone,Telecommunication,16444.77
TXN00510,CUST004,2024-05-24T02:33:02Z,-1048.95,Direct Debit,Lloyds Bank,Mortgage,15395.82
TXN00511,CUST004,2024-05-18T09:57:16Z,-86.42,Debit Card,Payee Ltd,Miscellaneous,15309.4
TXN00512,CUST004,2024-05-02T18:15:38Z,-15.04,Direct Debit,Spotify,Entertainment,15294.36
TXN00513,CUST004,2024-05-17T09:38:07Z,-36.63,Standing Order,Rowlands,Healthcare,15257.73
TXN00514,CUST004,2024-05-20T09:40:14Z,1958.22,Deposit,Lloyds Bank,Deposit,17215.95
TXN00515,CUST004,2024-05-06T20:58:03Z,-21.77,Direct Debit,EE Mobile,Telecommunication,17194.18
TXN00516,CUST004,2024-05-05T07:03:42Z,-23.54,Debit Card,EE Mobile,Telecommunication,17170.64
TXN00517,CUST004,2024-05-29T02:10:53Z,-80.93,Debit Card,EDF Energy,Utilities,17089.71
TXN00518,CUST004,2024-05-21T11:44:51Z,-58.04,Debit Card,O2,Telecommunication,17031.67
TXN00519,CUST004,2024-06-13T01:46:32Z,-54,Debit Card,BT Broadband,Telecommunication,16977.67
TXN00520,CUST004,2024-06-24T00:28:26Z,2945.63,Deposit,Lloyds Bank,Deposit,19923.3
TXN00521,CUST004,2024-06-18T06:57:36Z,3471.77,Deposit,Lloyds Bank,Deposit,23395.07
TXN00522,CUST004,2024-06-27T09:04:54Z,1858.62,Deposit,Lloyds Bank,Deposit,25253.69
TXN00523,CUST004,2024-06-17T16:39:46Z,-113.37,Direct Debit,British Gas,Utilities,25140.32
TXN00524,CUST004,2024-06-15T10:37:53Z,-108.71,Standing Order,Asda,Groceries,25031.61
TXN00525,CUST004,2024-06-11T05:24:59Z,-1177.68,Standing Order,Lloyds Bank,Mortgage,23853.93
TXN00526,CUST004,2024-06-13T22:35:14Z,2101.47,Deposit,Lloyds Bank,Deposit,25955.4
TXN00527,CUST004,2024-06-27T03:54:36Z,-145.89,Direct Debit,Yorkshire Water,Utilities,25809.51
TXN00528,CUST004,2024-06-18T06:19:43Z,-78.49,Debit Card,Scottish Power,Utilities,25731.02
TXN00529,CUST004,2024-06-25T09:33:15Z,-36.87,Standing Order,Spotify,Entertainment,25694.15
TXN00530,CUST004,2024-06-18T04:18:42Z,-58.04,Standing Order,BT Broadband,Telecommunication,25636.11
TXN00531,CUST004,2024-06-16T09:29:46Z,-12.24,Debit Card,Sky TV,Entertainment,25623.87
TXN00532,CUST004,2024-07-19T11:36:34Z,-117.46,Standing Order,Sainsbury's,Groceries,25506.41
TXN00533,CUST004,2024-07-22T16:20:58Z,1813.13,Deposit,Lloyds Bank,Deposit,27319.54
TXN00534,CUST004,2024-07-05T23:40:48Z,-126.12,Debit Card,Yorkshire Water,Utilities,27193.42
TXN00535,CUST004,2024-07-09T22:58:36Z,3203.3,Deposit,Lloyds Bank,Deposit,30396.72
TXN00536,CUST004,2024-07-28T00:38:39Z,-54.81,Debit Card,Sainsbury's,Groceries,30341.91
TXN00537,CUST004,2024-07-26T00:12:42Z,-37.07,Direct Debit,O2,Telecommunication,30304.84
TXN00538,CUST004,2024-07-04T09:18:23Z,1651.01,Deposit,Lloyds Bank,Deposit,31955.85
TXN00539,CUST004,2024-07-08T16:17:50Z,-66.91,Debit Card,Aldi,Groceries,31888.94
TXN00540,CUST004,2024-07-02T04:05:04Z,-73.86,Debit Card,Scottish Power,Utilities,31815.08
TXN00541,CUST004,2024-07-12T20:23:10Z,-54.5,Debit Card,Sainsbury's,Groceries,31760.58
TXN00542,CUST004,2024-07-14T11:26:52Z,-104.23,Debit Card,EDF Energy,Utilities,31656.35
TXN00543,CUST004,2024-07-01T20:52:46Z,-97.14,Direct Debit,Payee Ltd,Miscellaneous,31559.21
TXN00544,CUST004,2024-08-18T04:33:22Z,-51.5,Debit Card,EE Mobile,Telecommunication,31507.71
TXN00545,CUST004,2024-08-01T03:42:51Z,-31.09,Debit Card,O2,Telecommunication,31476.62
TXN00546,CUST004,2024-08-04T04:59:11Z,-57.11,Debit Card,BT Broadband,Telecommunication,31419.51
TXN00547,CUST004,2024-08-06T10:03:54Z,-46.81,Debit Card,Amazon,Shopping,31372.7
TXN00548,CUST004,2024-08-26T16:40:50Z,-109.35,Direct Debit,British Gas,Utilities,31263.35
TXN00549,CUST004,2024-08-09T06:52:42Z,-124.96,Standing Order,Northumbria Water,Utilities,31138.39
TXN00550,CUST004,2024-08-17T20:59:51Z,-73.55,Debit Card,Payee Ltd,Miscellaneous,31064.84
TXN00551,CUST004,2024-08-08T08:23:52Z,2623.68,Deposit,Lloyds Bank,Deposit,33688.52
TXN00552,CUST004,2024-08-16T02:14:33Z,-1022.4,Standing Order,Lloyds Bank,Mortgage,32666.12
TXN00553,CUST004,2024-08-21T08:55:15Z,-61.96,Direct Debit,Northumbria Water,Utilities,32604.16
TXN00554,CUST004,2024-09-07T22:17:37Z,-8.01,Debit Card,Sky TV,Entertainment,32596.15
TXN00555,CUST004,2024-09-27T03:34:35Z,-24.57,Standing Order,BT Broadband,Telecommunication,32571.58
TXN00556,CUST004,2024-09-07T17:02:35Z,-22.45,Standing Order,Payee Ltd,Miscellaneous,32549.13
TXN00557,CUST004,2024-09-03T03:02:58Z,-89.57,Debit Card,Yorkshire Water,Utilities,32459.56
TXN00558,CUST004,2024-09-01T04:26:19Z,-1226.57,Direct Debit,Lloyds Bank,Mortgage,31232.99
TXN00559,CUST004,2024-09-28T09:54:55Z,2227.68,Deposit,Lloyds Bank,Deposit,33460.67
TXN00560,CUST004,2024-09-11T07:14:47Z,-94.76,Direct Debit,Payee Ltd,Miscellaneous,33365.91
TXN00561,CUST004,2024-09-19T08:38:17Z,-51.22,Standing Order,BT Broadband,Telecommunication,33314.69
TXN00562,CUST004,2024-09-22T06:08:01Z,1023.55,Deposit,Lloyds Bank,Deposit,34338.24
TXN00563,CUST004,2024-09-20T23:25:49Z,-28.58,Direct Debit,Payee Ltd,Miscellaneous,34309.66
TXN00564,CUST004,2024-09-30T07:32:39Z,-103.15,Debit Card,British Gas,Utilities,34206.51
TXN00565,CUST004,2024-09-20T07:13:46Z,-36.65,Debit Card,Asda,Groceries,34169.86
TXN00566,CUST004,2024-10-31T17:59:10Z,-11.28,Direct Debit,Sky TV,Entertainment,34158.58
TXN00567,CUST004,2024-10-11T10:58:08Z,-46.16,Direct Debit,Vodafone,Telecommunication,34112.42
TXN00568,CUST004,2024-10-16T11:53:06Z,-51.61,Standing Order,Lidl,Groceries,34060.81
TXN00569,CUST004,2024-10-10T06:26:13Z,-57.8,Debit Card,Northumbria Water,Utilities,34003.01
TXN00570,CUST004,2024-10-05T01:36:21Z,2655.94,Deposit,Lloyds Bank,Deposit,36658.95
TXN00571,CUST004,2024-10-24T15:37:09Z,-124.12,Debit Card,Aldi,Groceries,36534.83
TXN00572,CUST004,2024-10-05T06:32:19Z,-27.03,Debit Card,Amazon,Shopping,36507.8
TXN00573,CUST004,2024-10-30T11:39:57Z,-137.38,Debit Card,Lidl,Groceries,36370.42
TXN00574,CUST004,2024-10-30T07:41:42Z,-1064.41,Debit Card,Lloyds Bank,Mortgage,35306.01
TXN00575,CUST004,2024-10-13T18:19:05Z,-36.64,Debit Card,Tesco,Groceries,35269.37
TXN00576,CUST004,2024-10-29T09:29:23Z,-143.92,Debit Card,Scottish Power,Utilities,35125.45
TXN00577,CUST004,2024-10-02T08:37:28Z,1751.19,Deposit,Lloyds Bank,Deposit,36876.64
TXN00578,CUST004,2024-11-28T02:34:03Z,-94.02,Debit Card,Scottish Power,Utilities,36782.62
TXN00579,CUST004,2024-11-24T00:38:39Z,-149.73,Standing Order,EDF Energy,Utilities,36632.89
TXN00580,CUST004,2024-11-20T17:09:21Z,-120.19,Debit Card,Sainsbury's,Groceries,36512.7
TXN00581,CUST004,2024-11-15T07:40:14Z,-60.43,Standing Order,Boots Pharmacy,Healthcare,36452.27
TXN00582,CUST004,2024-11-03T11:05:08Z,-30.49,Debit Card,Payee Ltd,Miscellaneous,36421.78
TXN00583,CUST004,2024-11-26T21:37:57Z,-47.85,Debit Card,Netflix,Entertainment,36373.93
TXN00584,CUST004,2024-11-27T08:20:12Z,-24.55,Standing Order,Boots Pharmacy,Healthcare,36349.38
TXN00585,CUST004,2024-11-26T15:47:11Z,-133.97,Direct Debit,Scottish Power,Utilities,36215.41
TXN00586,CUST004,2024-11-03T04:08:43Z,-33.51,Direct Debit,Netflix,Entertainment,36181.9
TXN00587,CUST004,2024-11-28T02:17:57Z,2900.26,Deposit,Lloyds Bank,Deposit,39082.16
TXN00588,CUST004,2024-11-14T22:04:33Z,-137.98,Standing Order,Amazon,Shopping,38944.18
TXN00589,CUST004,2024-11-15T20:48:52Z,-49.11,Debit Card,BT Broadband,Telecommunication,38895.07
TXN00590,CUST004,2024-11-29T08:12:11Z,-31.34,Debit Card,Vodafone,Telecommunication,38863.73
TXN00591,CUST004,2024-11-07T00:42:34Z,-57.42,Direct Debit,Vodafone,Telecommunication,38806.31
TXN00592,CUST004,2024-12-18T23:16:25Z,-129.42,Direct Debit,EDF Energy,Utilities,38676.89
TXN00593,CUST004,2024-12-02T20:01:00Z,-55.19,Debit Card,Rowlands,Healthcare,38621.7
TXN00594,CUST004,2024-12-23T23:02:15Z,-800.33,Debit Card,Lloyds Bank,Mortgage,37821.37
TXN00595,CUST004,2024-12-11T03:21:39Z,-136.2,Direct Debit,Asda,Groceries,37685.17
TXN00596,CUST004,2024-12-16T02:26:06Z,-132.27,Debit Card,Aldi,Groceries,37552.9
TXN00597,CUST004,2024-12-30T02:22:45Z,-51.46,Direct Debit,Rowlands,Healthcare,37501.44
TXN00598,CUST004,2024-12-06T10:03:57Z,-34.12,Debit Card,Spotify,Entertainment,37467.32
TXN00599,CUST004,2024-12-23T14:16:04Z,-968.52,Direct Debit,Lloyds Bank,Mortgage,36498.8
TXN00600,CUST004,2024-12-16T22:05:58Z,-140.82,Debit Card,Northumbria Water,Utilities,36357.98
TXN00601,CUST004,2024-12-19T15:59:05Z,-102,Direct Debit,Asda,Groceries,36255.98
TXN00602,CUST005,2024-01-05T10:26:25Z,-11.23,Standing Order,Rowlands,Healthcare,1288.77
TXN00603,CUST005,2024-01-19T10:54:48Z,3248.89,Deposit,Lloyds Bank,Deposit,4537.66
TXN00604,CUST005,2024-01-22T01:38:47Z,-105.5,Debit Card,Yorkshire Water,Utilities,4432.16
TXN00605,CUST005,2024-01-06T07:56:13Z,-81.39,Standing Order,Lidl,Groceries,4350.77
TXN00606,CUST005,2024-01-01T05:19:37Z,-1053.18,Debit Card,Lloyds Bank,Mortgage,3297.59
TXN00607,CUST005,2024-01-24T20:06:36Z,-100.17,Debit Card,Northumbria Water,Utilities,3197.42
TXN00608,CUST005,2024-01-01T19:42:10Z,-58.5,Direct Debit,Asda,Groceries,3138.92
TXN00609,CUST005,2024-01-01T03:46:05Z,-23.01,Standing Order,O2,Telecommunication,3115.91
TXN00610,CUST005,2024-01-16T06:22:19Z,1320.91,Deposit,Lloyds Bank,Deposit,4436.82
TXN00611,CUST005,2024-01-10T19:33:18Z,-61.26,Direct Debit,Boots Pharmacy,Healthcare,4375.56
TXN00612,CUST005,2024-01-15T08:26:50Z,-41.73,Standing Order,Asda,Groceries,4333.83
TXN00613,CUST005,2024-01-12T09:18:10Z,-72.51,Debit Card,Yorkshire Water,Utilities,4261.32
TXN00614,CUST005,2024-01-24T10:23:38Z,1555.29,Deposit,Lloyds Bank,Deposit,5816.61
TXN00615,CUST005,2024-01-20T14:33:41Z,-33.09,Debit Card,O2,Telecommunication,5783.52
TXN00616,CUST005,2024-01-09T07:25:40Z,-70.27,Direct Debit,Scottish Power,Utilities,5713.25
TXN00617,CUST005,2024-02-24T16:57:40Z,-46.95,Debit Card,EE Mobile,Telecommunication,5666.3
TXN00618,CUST005,2024-02-07T18:13:22Z,-25.48,Direct Debit,Sky TV,Entertainment,5640.82
TXN00619,CUST005,2024-02-27T13:25:56Z,-29.54,Debit Card,Sky TV,Entertainment,5611.28
TXN00620,CUST005,2024-02-27T17:18:25Z,-34.24,Standing Order,EE Mobile,Telecommunication,5577.04
TXN00621,CUST005,2024-02-11T04:51:21Z,-57.22,Direct Debit,Sainsbury's,Groceries,5519.82
TXN00622,CUST005,2024-02-11T09:22:30Z,-71.56,Debit Card,Scottish Power,Utilities,5448.26
TXN00623,CUST005,2024-02-12T05:37:33Z,-49.83,Debit Card,Tesco,Groceries,5398.43
TXN00624,CUST005,2024-02-15T01:11:54Z,-72.6,Standing Order,Scottish Power,Utilities,5325.83
TXN00625,CUST005,2024-02-15T01:45:28Z,-7.07,Standing Order,Sky TV,Entertainment,5318.76
TXN00626,CUST005,2024-02-19T15:23:15Z,-82.22,Debit Card,Tesco,Groceries,5236.54
TXN00627,CUST005,2024-02-21T07:05:01Z,-107.16,Debit Card,Amazon,Shopping,5129.38
TXN00628,CUST005,2024-02-10T23:15:35Z,-92.91,Debit Card,Rowlands,Healthcare,5036.47
TXN00629,CUST005,2024-02-26T15:00:23Z,-112.29,Debit Card,Aldi,Groceries,4924.18
TXN00630,CUST005,2024-02-02T21:54:52Z,-142.53,Debit Card,Amazon,Shopping,4781.65
TXN00631,CUST005,2024-02-13T03:32:56Z,-136.04,Direct Debit,British Gas,Utilities,4645.61
TXN00632,CUST005,2024-03-10T20:46:29Z,-78.94,Standing Order,Tesco,Groceries,4566.67
TXN00633,CUST005,2024-03-29T05:57:05Z,923.23,Deposit,Lloyds Bank,Deposit,5489.9
TXN00634,CUST005,2024-03-25T03:56:17Z,-12.86,Direct Debit,Netflix,Entertainment,5477.04
TXN00635,CUST005,2024-03-06T10:25:49Z,2030.55,Deposit,Lloyds Bank,Deposit,7507.59
TXN00636,CUST005,2024-03-04T02:24:40Z,-23.5,Direct Debit,Vodafone,Telecommunication,7484.09
TXN00637,CUST005,2024-03-15T01:31:06Z,-99.44,Debit Card,Payee Ltd,Miscellaneous,7384.65
TXN00638,CUST005,2024-03-23T15:35:53Z,-65.54,Direct Debit,Asda,Groceries,7319.11
TXN00639,CUST005,2024-03-27T00:13:13Z,-28.98,Debit Card,Asda,Groceries,7290.13
TXN00640,CUST005,2024-03-26T18:37:00Z,-125.42,Debit Card,Northumbria Water,Utilities,7164.71
TXN00641,CUST005,2024-03-25T06:23:08Z,-49.89,Standing Order,Payee Ltd,Miscellaneous,7114.82
TXN00642,CUST005,2024-03-29T00:51:40Z,-17.72,Standing Order,Sky TV,Entertainment,7097.1
TXN00643,CUST005,2024-03-30T13:18:42Z,-56.6,Direct Debit,Northumbria Water,Utilities,7040.5
TXN00644,CUST005,2024-03-21T05:38:57Z,-99.69,Standing Order,Aldi,Groceries,6940.81
TXN00645,CUST005,2024-04-12T09:30:45Z,-10.17,Debit Card,Netflix,Entertainment,6930.64
TXN00646,CUST005,2024-04-22T11:48:43Z,-104.7,Debit Card,EDF Energy,Utilities,6825.94
TXN00647,CUST005,2024-04-30T02:20:06Z,994.09,Deposit,Lloyds Bank,Deposit,7820.03
TXN00648,CUST005,2024-04-10T13:38:47Z,-44.52,Debit Card,Vodafone,Telecommunication,7775.51
TXN00649,CUST005,2024-04-24T19:32:25Z,-115.4,Standing Order,Lidl,Groceries,7660.11
TXN00650,CUST005,2024-04-18T02:13:04Z,-76.5,Debit Card,Payee Ltd,Miscellaneous,7583.61
TXN00651,CUST005,2024-04-24T09:02:16Z,-68.01,Debit Card,Boots Pharmacy,Healthcare,7515.6
TXN00652,CUST005,2024-04-23T01:11:31Z,-25.27,Direct Debit,Spotify,Entertainment,7490.33
TXN00653,CUST005,2024-04-13T20:17:49Z,2928.84,Deposit,Lloyds Bank,Deposit,10419.17
TXN00654,CUST005,2024-04-05T22:41:12Z,-22.51,Direct Debit,BT Broadband,Telecommunication,10396.66
TXN00655,CUST005,2024-04-18T06:41:33Z,-58.44,Debit Card,EE Mobile,Telecommunication,10338.22
TXN00656,CUST005,2024-04-24T08:46:24Z,-113.22,Debit Card,Northumbria Water,Utilities,10225
TXN00657,CUST005,2024-05-12T02:28:16Z,-909.21,Direct Debit,Lloyds Bank,Mortgage,9315.79
TXN00658,CUST005,2024-05-25T16:42:53Z,-54.43,Direct Debit,Scottish Power,Utilities,9261.36
TXN00659,CUST005,2024-05-14T15:49:02Z,-110.15,Debit Card,Asda,Groceries,9151.21
TXN00660,CUST005,2024-05-31T08:34:45Z,-26.15,Debit Card,O2,Telecommunication,9125.06
TXN00661,CUST005,2024-05-01T10:04:27Z,-8.08,Direct Debit,Spotify,Entertainment,9116.98
TXN00662,CUST005,2024-05-21T14:51:07Z,2182.57,Deposit,Lloyds Bank,Deposit,11299.55
TXN00663,CUST005,2024-05-30T23:50:44Z,-27.13,Standing Order,Sky TV,Entertainment,11272.42
TXN00664,CUST005,2024-05-06T17:11:39Z,-108.74,Debit Card,British Gas,Utilities,11163.68
TXN00665,CUST005,2024-05-06T15:12:19Z,-56.98,Debit Card,Boots Pharmacy,Healthcare,11106.7
TXN00666,CUST005,2024-05-24T17:39:55Z,-27.08,Debit Card,O2,Telecommunication,11079.62
TXN00667,CUST005,2024-06-11T02:25:56Z,-41.29,Standing Order,Payee Ltd,Miscellaneous,11038.33
TXN00668,CUST005,2024-06-21T10:22:04Z,-12.95,Debit Card,Sky TV,Entertainment,11025.38
TXN00669,CUST005,2024-06-28T05:57:16Z,-99.11,Debit Card,Yorkshire Water,Utilities,10926.27
TXN00670,CUST005,2024-06-08T13:51:43Z,-46.58,Debit Card,Spotify,Entertainment,10879.69
TXN00671,CUST005,2024-06-23T06:39:15Z,-46.97,Direct Debit,O2,Telecommunication,10832.72
TXN00672,CUST005,2024-06-16T00:23:37Z,-71.68,Debit Card,Payee Ltd,Miscellaneous,10761.04
TXN00673,CUST005,2024-06-21T01:34:06Z,-149.77,Debit Card,Tesco,Groceries,10611.27
TXN00674,CUST005,2024-06-06T22:34:18Z,-41.84,Debit Card,Aldi,Groceries,10569.43
TXN00675,CUST005,2024-06-14T12:40:16Z,-22.09,Debit Card,Vodafone,Telecommunication,10547.34
TXN00676,CUST005,2024-06-07T10:36:59Z,-34.43,Standing Order,EE Mobile,Telecommunication,10512.91
TXN00677,CUST005,2024-06-16T09:34:05Z,937.11,Deposit,Lloyds Bank,Deposit,11450.02
TXN00678,CUST005,2024-07-10T03:11:34Z,-54.96,Direct Debit,O2,Telecommunication,11395.06
TXN00679,CUST005,2024-07-09T23:10:28Z,-77.21,Debit Card,Scottish Power,Utilities,11317.85
TXN00680,CUST005,2024-07-04T12:21:41Z,-22.18,Debit Card,BT Broadband,Telecommunication,11295.67
TXN00681,CUST005,2024-07-05T15:52:44Z,-92.26,Debit Card,Tesco,Groceries,11203.41
TXN00682,CUST005,2024-07-21T15:39:28Z,-138.99,Debit Card,EDF Energy,Utilities,11064.42
TXN00683,CUST005,2024-07-12T06:42:35Z,-54.03,Debit Card,EDF Energy,Utilities,11010.39
TXN00684,CUST005,2024-07-24T16:17:03Z,3464.64,Deposit,Lloyds Bank,Deposit,14475.03
TXN00685,CUST005,2024-07-25T10:52:47Z,-8.97,Direct Debit,Spotify,Entertainment,14466.06
TXN00686,CUST005,2024-07-16T04:10:01Z,-21.53,Standing Order,Vodafone,Telecommunication,14444.53
TXN00687,CUST005,2024-07-14T05:08:54Z,-11.37,Direct Debit,Sky TV,Entertainment,14433.16
TXN00688,CUST005,2024-08-28T01:18:51Z,-51.35,Direct Debit,EDF Energy,Utilities,14381.81
TXN00689,CUST005,2024-08-01T15:08:50Z,-37.33,Direct Debit,Rowlands,Healthcare,14344.48
TXN00690,CUST005,2024-08-25T17:54:34Z,-117.63,Debit Card,Asda,Groceries,14226.85
TXN00691,CUST005,2024-08-18T13:08:52Z,-159,Debit Card,Amazon,Shopping,14067.85
TXN00692,CUST005,2024-08-02T08:40:55Z,-48.37,Debit Card,O2,Telecommunication,14019.48
TXN00693,CUST005,2024-08-21T04:47:59Z,-34.45,Direct Debit,Netflix,Entertainment,13985.03
TXN00694,CUST005,2024-08-15T09:34:19Z,-28.02,Debit Card,Netflix,Entertainment,13957.01
TXN00695,CUST005,2024-08-03T05:41:06Z,-1036.45,Direct Debit,Lloyds Bank,Mortgage,12920.56
TXN00696,CUST005,2024-08-07T18:33:41Z,-88.72,Standing Order,Yorkshire Water,Utilities,12831.84
TXN00697,CUST005,2024-08-12T12:38:41Z,-103.65,Standing Order,British Gas,Utilities,12728.19
TXN00698,CUST005,2024-08-15T00:11:25Z,-53.66,Debit Card,EE Mobile,Telecommunication,12674.53
TXN00699,CUST005,2024-08-16T12:39:34Z,-104.86,Standing Order,Northumbria Water,Utilities,12569.67
TXN00700,CUST005,2024-09-25T06:28:44Z,-21.87,Debit Card,Tesco,Groceries,12547.8
TXN00701,CUST005,2024-09-18T03:34:17Z,811.11,Deposit,Lloyds Bank,Deposit,13358.91
TXN00702,CUST005,2024-09-29T15:10:38Z,-93.15,Debit Card,Tesco,Groceries,13265.76
TXN00703,CUST005,2024-09-21T14:11:51Z,-35.53,Standing Order,Spotify,Entertainment,13230.23
TXN00704,CUST005,2024-09-28T22:45:25Z,-129.19,Debit Card,Asda,Groceries,13101.04
TXN00705,CUST005,2024-09-26T01:39:31Z,-82.25,Standing Order,Payee Ltd,Miscellaneous,13018.79
TXN00706,CUST005,2024-09-10T02:40:41Z,-83.91,Debit Card,Scottish Power,Utilities,12934.88
TXN00707,CUST005,2024-09-29T16:37:25Z,-62.83,Debit Card,Scottish Power,Utilities,12872.05
TXN00708,CUST005,2024-09-07T15:10:12Z,-145.86,Debit Card,Northumbria Water,Utilities,12726.19
TXN00709,CUST005,2024-09-12T09:11:06Z,-136.18,Debit Card,Aldi,Groceries,12590.01
TXN00710,CUST005,2024-09-10T14:53:58Z,-86.76,Debit Card,Payee Ltd,Miscellaneous,12503.25
TXN00711,CUST005,2024-09-29T03:01:43Z,-43.5,Debit Card,O2,Telecommunication,12459.75
TXN00712,CUST005,2024-09-05T23:02:02Z,-35.98,Standing Order,O2,Telecommunication,12423.77
TXN00713,CUST005,2024-09-23T13:54:49Z,-37.05,Standing Order,Boots Pharmacy,Healthcare,12386.72
TXN00714,CUST005,2024-09-20T18:47:15Z,-72.51,Debit Card,Northumbria Water,Utilities,12314.21
TXN00715,CUST005,2024-10-17T06:34:12Z,2340.21,Deposit,Lloyds Bank,Deposit,14654.42
TXN00716,CUST005,2024-10-07T16:05:52Z,3370.98,Deposit,Lloyds Bank,Deposit,18025.4
TXN00717,CUST005,2024-10-07T04:02:22Z,-30.14,Direct Debit,BT Broadband,Telecommunication,17995.26
TXN00718,CUST005,2024-10-16T07:05:17Z,-194.94,Standing Order,Amazon,Shopping,17800.32
TXN00719,CUST005,2024-10-30T04:55:42Z,-126.66,Direct Debit,Scottish Power,Utilities,17673.66
TXN00720,CUST005,2024-10-18T14:06:20Z,-89.78,Debit Card,Rowlands,Healthcare,17583.88
TXN00721,CUST005,2024-10-12T05:40:57Z,-32.05,Debit Card,Sky TV,Entertainment,17551.83
TXN00722,CUST005,2024-10-01T23:09:50Z,-20.32,Standing Order,Spotify,Entertainment,17531.51
TXN00723,CUST005,2024-10-29T18:49:32Z,-932.36,Standing Order,Lloyds Bank,Mortgage,16599.15
TXN00724,CUST005,2024-10-08T00:59:08Z,-47.64,Standing Order,Netflix,Entertainment,16551.51
TXN00725,CUST005,2024-10-28T18:52:07Z,-73.69,Standing Order,Amazon,Shopping,16477.82
TXN00726,CUST005,2024-10-31T08:43:53Z,-53.55,Debit Card,Lidl,Groceries,16424.27
TXN00727,CUST005,2024-10-19T20:45:33Z,-35.29,Debit Card,Aldi,Groceries,16388.98
TXN00728,CUST005,2024-10-28T18:18:06Z,-81.29,Direct Debit,Aldi,Groceries,16307.69
TXN00729,CUST005,2024-10-20T17:02:29Z,-69.12,Debit Card,Aldi,Groceries,16238.57
TXN00730,CUST005,2024-11-18T09:22:33Z,-96.25,Debit Card,Boots Pharmacy,Healthcare,16142.32
TXN00731,CUST005,2024-11-14T00:18:52Z,-106.09,Debit Card,Yorkshire Water,Utilities,16036.23
TXN00732,CUST005,2024-11-06T04:23:25Z,-53.01,Direct Debit,Scottish Power,Utilities,15983.22
TXN00733,CUST005,2024-11-26T11:29:22Z,-146.49,Standing Order,Lidl,Groceries,15836.73
TXN00734,CUST005,2024-11-09T09:15:55Z,-146.31,Standing Order,Northumbria Water,Utilities,15690.42
TXN00735,CUST005,2024-11-06T12:44:19Z,-118.27,Debit Card,Sainsbury's,Groceries,15572.15
TXN00736,CUST005,2024-11-01T16:26:14Z,-73.39,Debit Card,Aldi,Groceries,15498.76
TXN00737,CUST005,2024-11-18T04:19:26Z,-51.59,Debit Card,O2,Telecommunication,15447.17
TXN00738,CUST005,2024-11-19T05:00:05Z,3302.69,Deposit,Lloyds Bank,Deposit,18749.86
TXN00739,CUST005,2024-11-11T15:44:28Z,-99.92,Debit Card,Amazon,Shopping,18649.94
TXN00740,CUST005,2024-11-05T09:38:54Z,-116.32,Direct Debit,Northumbria Water,Utilities,18533.62
TXN00741,CUST005,2024-11-14T21:49:13Z,-45.27,Debit Card,Spotify,Entertainment,18488.35
TXN00742,CUST005,2024-11-07T18:46:38Z,-112.34,Direct Debit,Tesco,Groceries,18376.01
TXN00743,CUST005,2024-11-20T09:41:07Z,3054.86,Deposit,Lloyds Bank,Deposit,21430.87
TXN00744,CUST005,2024-12-21T03:38:42Z,-1268.61,Standing Order,Lloyds Bank,Mortgage,20162.26
TXN00745,CUST005,2024-12-19T16:46:24Z,562.87,Deposit,Lloyds Bank,Deposit,20725.13
TXN00746,CUST005,2024-12-14T04:21:25Z,1013.56,Deposit,Lloyds Bank,Deposit,21738.69
TXN00747,CUST005,2024-12-25T21:04:36Z,-33.24,Direct Debit,BT Broadband,Telecommunication,21705.45
TXN00748,CUST005,2024-12-11T17:46:28Z,1508.42,Deposit,Lloyds Bank,Deposit,23213.87
TXN00749,CUST005,2024-12-01T19:55:24Z,-75.51,Direct Debit,EDF Energy,Utilities,23138.36
TXN00750,CUST005,2024-12-11T13:28:25Z,-59.24,Debit Card,EE Mobile,Telecommunication,23079.12
TXN00751,CUST005,2024-12-17T20:03:51Z,-37.35,Direct Debit,Vodafone,Telecommunication,23041.77
TXN00752,CUST005,2024-12-02T18:28:17Z,-44.43,Direct Debit,Vodafone,Telecommunication,22997.34
TXN00753,CUST005,2024-12-23T15:25:27Z,-111.12,Direct Debit,Scottish Power,Utilities,22886.22
TXN00754,CUST005,2024-12-30T05:33:03Z,-25.16,Debit Card,Payee Ltd,Miscellaneous,22861.06
TXN00755,CUST005,2024-12-29T17:28:36Z,-48.18,Debit Card,Amazon,Shopping,22812.88
TXN00756,CUST005,2024-12-05T09:38:25Z,-104.6,Debit Card,Sainsbury's,Groceries,22708.28
TXN00757,CUST005,2024-12-03T16:07:05Z,-143.2,Standing Order,Northumbria Water,Utilities,22565.08